<record><leader>00000cas a2200000 i 4500</leader><controlfield tag="001">842241510</controlfield><controlfield tag="008">130509c19219999njuwr ne      0    0ukr c</controlfield><datafield ind1=" " ind2=" " tag="010"><subfield code="a">  2013254795</subfield></datafield><datafield ind1=" " ind2=" " tag="040"><subfield code="a">NDD</subfield><subfield code="b">eng</subfield><subfield code="e">rda</subfield><subfield code="c">NDD</subfield><subfield code="d">NDD</subfield><subfield code="d">OCLCF</subfield></datafield><datafield ind1=" " ind2=" " tag="066"><subfield code="c">(N</subfield><subfield code="c">(Q</subfield></datafield><datafield ind1=" " ind2=" " tag="042"><subfield code="a">pcc</subfield></datafield><datafield ind1="1" ind2="4" tag="050"><subfield code="a">AP58.U5</subfield></datafield><datafield ind1="0" ind2=" " tag="130"><subfield code="a">Dnipro (Trenton, N.J.)</subfield></datafield><datafield ind1="0" ind2="0" tag="245"><subfield code="6">880-01</subfield><subfield code="a">Dnipro</subfield></datafield><datafield ind1=" " ind2="1" tag="264"><subfield code="a">Trenton, N.J. :</subfield><subfield code="b">"Dnipro" ;</subfield><subfield code="c">1921-1925.</subfield></datafield><datafield ind1="3" ind2="1" tag="264"><subfield code="a">Chicago, Ill.  :</subfield><subfield code="b">"Dnipro" ;</subfield><subfield code="c">1925-</subfield></datafield><datafield ind1=" " ind2=" " tag="300"><subfield code="c">56 cm.</subfield></datafield><datafield ind1=" " ind2=" " tag="310"><subfield code="a">Weekly</subfield></datafield><datafield ind1=" " ind2=" " tag="336"><subfield code="a">text</subfield><subfield code="b">txt</subfield><subfield code="2">rdacontent</subfield></datafield><datafield ind1=" " ind2=" " tag="337"><subfield code="a">unmediated</subfield><subfield code="b">n</subfield><subfield code="2">rdamedia</subfield></datafield><datafield ind1=" " ind2=" " tag="338"><subfield code="a">volume</subfield><subfield code="b">nc</subfield><subfield code="2">rdacarrier</subfield></datafield><datafield ind1="1" ind2=" " tag="362"><subfield code="a">Began in 1921.</subfield></datafield><datafield ind1=" " ind2=" " tag="588"><subfield code="a">Description based on: Vol. IV, No. 14 (Saturday, May 17, 1924).</subfield></datafield><datafield ind1=" " ind2=" " tag="588"><subfield code="a">Latest issue consulted: Vol. VI, No. 37 (Saturday, November 13, 1926).</subfield></datafield><datafield ind1=" " ind2=" " tag="500"><subfield code="a">Vol. V, No. 22 (Saturday, Aug. 29, 1925) was the last issue published in Trenton, N. J. and Vol. 5, No. 23 (Saturday, October 3, 1925) was the first issue published in Chicago, Ill.</subfield></datafield><datafield ind1=" " ind2=" " tag="500"><subfield code="a">From masthead: "Official organ of the Ukrainian Greek Orthodox Church of the United States."</subfield></datafield><datafield ind1=" " ind2=" " tag="546"><subfield code="a">In Ukrainian. The title, publisher, subscription information, responsible party and numbering also appear in English.</subfield></datafield><datafield ind1=" " ind2="0" tag="650"><subfield code="a">Ukrainians</subfield><subfield code="z">United States</subfield><subfield code="v">Periodicals.</subfield></datafield><datafield ind1=" " ind2="0" tag="650"><subfield code="a">Ukrainian Americans</subfield><subfield code="v">Periodicals.</subfield></datafield><datafield ind1=" " ind2="7" tag="655"><subfield code="a">Periodicals.</subfield><subfield code="2">fast</subfield><subfield code="0">(OCoLC)fst01411641</subfield></datafield><datafield ind1=" " ind2="7" tag="650"><subfield code="a">Ukrainian Americans.</subfield><subfield code="2">fast</subfield><subfield code="0">(OCoLC)fst01160424</subfield></datafield><datafield ind1=" " ind2="7" tag="650"><subfield code="a">Ukrainians.</subfield><subfield code="2">fast</subfield><subfield code="0">(OCoLC)fst01160566</subfield></datafield><datafield ind1=" " ind2="7" tag="651"><subfield code="a">United States.</subfield><subfield code="2">fast</subfield><subfield code="0">(OCoLC)fst01204155</subfield></datafield><datafield ind1="1" ind2="0" tag="880"><subfield code="6">245-01/(N</subfield><subfield code="a">&#1044;&#1085;&#1110;&#1087;&#1088;&#1086;.</subfield></datafield></record>